@article{prusty2024predicting,
	author    = {Prusty, S. and Patnaik, S. and Dash, S. K. and Prusty, S. G. P. and Rautaray, J. and Sahoo, G.},
	title     = {Predicting cervical cancer risk probabilities using advanced H20 AutoML and local interpretable model-agnostic explanation techniques},
	journal   = {PeerJ Comput. Sci.},
	volume    = {10},
	pages     = {e1916},
	year      = {2024},
	doi       = {10.7717/peerj-cs.1916},
	url       = {http://doi.org/10.7717/peerj-cs.1916}
}
